@Manual{R-base,
  title = {R: A Language and Environment for Statistical Computing},
  author = {{R Core Team}},
  organization = {R Foundation for Statistical Computing},
  address = {Vienna, Austria},
  year = {2022},
  url = {https://www.R-project.org/},
}
@Manual{R-papaja,
  title = {{papaja}: {Prepare} reproducible {APA} journal articles with {R Markdown}},
  author = {Frederik Aust and Marius Barth},
  year = {2022},
  note = {R package version 0.1.1},
  url = {https://github.com/crsh/papaja},
}
@Manual{R-tinylabels,
  title = {{tinylabels}: Lightweight Variable Labels},
  author = {Marius Barth},
  year = {2022},
  note = {R package version 0.2.3},
  url = {https://cran.r-project.org/package=tinylabels},
}
@Manual{R-corrplot2021,
  title = {R package 'corrplot': Visualization of a Correlation Matrix},
  author = {Taiyun Wei and Viliam Simko},
  year = {2021},
  note = {(Version 0.90)},
  url = {https://github.com/taiyun/corrplot},
}
@Manual{R-cowplot,
  title = {cowplot: Streamlined Plot Theme and Plot Annotations for 'ggplot2'},
  author = {Claus O. Wilke},
  year = {2020},
  note = {R package version 1.1.1},
  url = {https://CRAN.R-project.org/package=cowplot},
}
@Manual{R-data.table,
  title = {data.table: Extension of `data.frame`},
  author = {Matt Dowle and Arun Srinivasan},
  year = {2021},
  note = {R package version 1.14.0},
  url = {https://CRAN.R-project.org/package=data.table},
}
@Manual{R-dplyr,
  title = {dplyr: A Grammar of Data Manipulation},
  author = {Hadley Wickham and Romain François and Lionel Henry and Kirill Müller},
  year = {2021},
  note = {R package version 1.0.7},
  url = {https://CRAN.R-project.org/package=dplyr},
}
@Manual{R-forcats,
  title = {forcats: Tools for Working with Categorical Variables (Factors)},
  author = {Hadley Wickham},
  year = {2021},
  note = {R package version 0.5.1},
  url = {https://CRAN.R-project.org/package=forcats},
}
@Manual{R-ggforce,
  title = {ggforce: Accelerating 'ggplot2'},
  author = {Thomas Lin Pedersen},
  year = {2021},
  note = {R package version 0.3.3},
  url = {https://CRAN.R-project.org/package=ggforce},
}
@Book{R-ggplot2,
  author = {Hadley Wickham},
  title = {ggplot2: Elegant Graphics for Data Analysis},
  publisher = {Springer-Verlag New York},
  year = {2016},
  isbn = {978-3-319-24277-4},
  url = {https://ggplot2.tidyverse.org},
}
@Manual{R-ggpubr,
  title = {ggpubr: 'ggplot2' Based Publication Ready Plots},
  author = {Alboukadel Kassambara},
  year = {2020},
  note = {R package version 0.4.0},
  url = {https://CRAN.R-project.org/package=ggpubr},
}
@Manual{R-kableExtra,
  title = {kableExtra: Construct Complex Table with 'kable' and Pipe Syntax},
  author = {Hao Zhu},
  year = {2021},
  note = {R package version 1.3.4},
  url = {https://CRAN.R-project.org/package=kableExtra},
}
@Article{R-lme4,
  title = {Fitting Linear Mixed-Effects Models Using {lme4}},
  author = {Douglas Bates and Martin M{\"a}chler and Ben Bolker and Steve Walker},
  journal = {Journal of Statistical Software},
  year = {2015},
  volume = {67},
  number = {1},
  pages = {1--48},
  doi = {10.18637/jss.v067.i01},
}
@Article{R-lmerTest,
  title = {{lmerTest} Package: Tests in Linear Mixed Effects Models},
  author = {Alexandra Kuznetsova and Per B. Brockhoff and Rune H. B. Christensen},
  journal = {Journal of Statistical Software},
  year = {2017},
  volume = {82},
  number = {13},
  pages = {1--26},
  doi = {10.18637/jss.v082.i13},
}
@Manual{R-Matrix,
  title = {Matrix: Sparse and Dense Matrix Classes and Methods},
  author = {Douglas Bates and Martin Maechler},
  year = {2021},
  note = {R package version 1.4-0},
  url = {https://CRAN.R-project.org/package=Matrix},
}
@Article{R-optimx_a,
  title = {Unifying Optimization Algorithms to Aid Software System Users: {optimx} for {R}},
  author = {John C. Nash and Ravi Varadhan},
  journal = {Journal of Statistical Software},
  year = {2011},
  volume = {43},
  number = {9},
  pages = {1--14},
  doi = {10.18637/jss.v043.i09},
}
@Article{R-optimx_b,
  title = {On Best Practice Optimization Methods in {R}},
  author = {John C. Nash},
  journal = {Journal of Statistical Software},
  year = {2014},
  volume = {60},
  number = {2},
  pages = {1--14},
  doi = {10.18637/jss.v060.i02},
}
@Manual{R-purrr,
  title = {purrr: Functional Programming Tools},
  author = {Lionel Henry and Hadley Wickham},
  year = {2020},
  note = {R package version 0.3.4},
  url = {https://CRAN.R-project.org/package=purrr},
}
@Manual{R-readr,
  title = {readr: Read Rectangular Text Data},
  author = {Hadley Wickham and Jim Hester and Jennifer Bryan},
  year = {2021},
  note = {R package version 2.1.1},
  url = {https://CRAN.R-project.org/package=readr},
}
@Manual{R-stringr,
  title = {stringr: Simple, Consistent Wrappers for Common String Operations},
  author = {Hadley Wickham},
  year = {2019},
  note = {R package version 1.4.0},
  url = {https://CRAN.R-project.org/package=stringr},
}
@Manual{R-tibble,
  title = {tibble: Simple Data Frames},
  author = {Kirill Müller and Hadley Wickham},
  year = {2021},
  note = {R package version 3.1.6},
  url = {https://CRAN.R-project.org/package=tibble},
}
@Manual{R-tidyr,
  title = {tidyr: Tidy Messy Data},
  author = {Hadley Wickham},
  year = {2021},
  note = {R package version 1.1.4},
  url = {https://CRAN.R-project.org/package=tidyr},
}
@Article{R-tidyverse,
  title = {Welcome to the {tidyverse}},
  author = {Hadley Wickham and Mara Averick and Jennifer Bryan and Winston Chang and Lucy D'Agostino McGowan and Romain François and Garrett Grolemund and Alex Hayes and Lionel Henry and Jim Hester and Max Kuhn and Thomas Lin Pedersen and Evan Miller and Stephan Milton Bache and Kirill Müller and Jeroen Ooms and David Robinson and Dana Paige Seidel and Vitalie Spinu and Kohske Takahashi and Davis Vaughan and Claus Wilke and Kara Woo and Hiroaki Yutani},
  year = {2019},
  journal = {Journal of Open Source Software},
  volume = {4},
  number = {43},
  pages = {1686},
  doi = {10.21105/joss.01686},
}
@Article{R-Formula,
  title = {Extended Model Formulas in {R}: Multiple Parts and Multiple Responses},
  author = {Achim Zeileis and Yves Croissant},
  journal = {Journal of Statistical Software},
  year = {2010},
  volume = {34},
  number = {1},
  pages = {1--13},
  doi = {10.18637/jss.v034.i01},
}
@Manual{R-Hmisc,
  title = {Hmisc: Harrell Miscellaneous},
  author = {Frank E {Harrell Jr} and with contributions from Charles Dupont and many others.},
  year = {2021},
  note = {R package version 4.5-0},
  url = {https://CRAN.R-project.org/package=Hmisc},
}
@Book{R-lattice,
  title = {Lattice: Multivariate Data Visualization with R},
  author = {Deepayan Sarkar},
  publisher = {Springer},
  address = {New York},
  year = {2008},
  note = {ISBN 978-0-387-75968-5},
  url = {http://lmdvr.r-forge.r-project.org},
}
@Book{R-survival-book,
  title = {Modeling Survival Data: Extending the {C}ox Model},
  author = {{Terry M. Therneau} and {Patricia M. Grambsch}},
  year = {2000},
  publisher = {Springer},
  address = {New York},
  isbn = {0-387-98784-3},
}
@Manual{R-tufte,
  title = {tufte: Tufte's Styles for R Markdown Documents},
  author = {Yihui Xie and JJ Allaire},
  year = {2022},
  note = {R package version 0.12},
  url = {https://CRAN.R-project.org/package=tufte},
}
@Manual{R-trackdown,
  title = {trackdown: Collaborative Writing and Editing of R Markdown (or Sweave) Documents in Google Drive},
  author = {Emily Kothe and Claudio Zandonella Callegher and Filippo Gambarota and Janosch Linkersdörfer and Mathew Ling},
  year = {2021},
  note = {R package version 1.1.1},
  url = {https://github.com/claudiozandonella/trackdown},
  doi = {10.5281/zenodo.5167320},
}
@article{de2015jspsych,
  title={jsPsych: A JavaScript library for creating behavioral experiments in a Web browser},
  author={De Leeuw, Joshua R},
  journal={Behavior research methods},
  volume={47},
  number={1},
  pages={1--12},
  year={2015},
  publisher={Springer}
}
@article{chella2020cognitive,
  title={A cognitive architecture for inner speech},
  author={Chella, Antonio and Pipitone, Arianna},
  journal={Cognitive Systems Research},
  volume={59},
  pages={287--292},
  year={2020},
  publisher={Elsevier}
}
@article{perrone2014little,
  title={What is that little voice inside my head? Inner speech phenomenology, its role in cognitive performance, and its relation to self-monitoring},
  author={Perrone-Bertolotti, M. and Rapin, L. and Lachaux, J-P and Baciu, M. and Loevenbruck, H{\'e}l{\`e}ne},
  journal={Behavioural brain research},
  volume={261},
  pages={220--239},
  year={2014},
  publisher={Elsevier}
}
@misc{felton_2020, title={People with no internal monologue explain what it's like in their head}, url={https://www.iflscience.com/people-with-no-internal-monologue-explain-what-its-like-in-their-head-57739}, journal={IFLScience}, publisher={IFLScience}, author={Felton, James}, year={2020}, month={Nov}
} 
@misc{soloducha_2020, title={What it's like living without an inner monologue}, url={https://www.cbc.ca/news/canada/saskatchewan/inner-monologue-experience-science-1.5486969}, journal={CBC News}, publisher={CBC News}, author={Soloducha, Alex}, year={2020}, month={March}
}
@misc{kyleplantemoji_2020, title={Fun fact: some people have an internal narrative and
some don't.}, url={https://twitter.com/KylePlantEmoji/status/1221713792913965061?s=20&t=JMap2sXmuh-XA7h5CDxZ5A}, journal={Twitter}, publisher={Twitter}, author={@KylePlantEmoji}, year={2020}, month={January}
}
@article{carruthers2002cognitive,
  title={The cognitive functions of language},
  author={Carruthers, Peter},
  journal={Behavioral and brain sciences},
  volume={25},
  number={6},
  pages={657--674},
  year={2002},
  publisher={Cambridge University Press}
}
@book{gauker2011words,
  title={Words and images: An essay on the origin of ideas},
  author={Gauker, Christopher},
  year={2011},
  publisher={Oxford University Press, Oxford}
}
@inbook{frankish_isnv,
  editor = {Langland-Hassan, Peter and Vicente, Agustin},
  author    = {Frankish, Keith},
  title     = {Inner speech: New voices},
  chapter   = {Inner speech and outer thought},
  publisher = {Oxford University Press},
  year      = {2018}
}
@inbook{morin_isnv,
  editor = {Langland-Hassan, Peter and Vicente, Agustin},
  author    = {Morin, Alain},
  title     = {Inner speech: New voices},
  chapter   = {The self-reflective functions of inner speech: Thirteen years later},
  publisher = {Oxford University Press},
  year      = {2018}
}
@book{bermudez2007thinking,
  title={Thinking without words},
  author={Berm{\'u}dez, Jos{\'e} Luis},
  year={2007},
  publisher={Oxford University Press}
}
@inbook{clark_magicwords,
  editor = {Carruthers, Peter and Boucher, Jill},
  author    = {Clark, Andy},
  title     = {Language and Thought: Interdisciplinary Themes},
  chapter   = {Magic words: How language augments human computation},
  publisher = {Cambridge University Press},
  year      = {1998}
}
@article{emerson2003role,
  title={The role of inner speech in task switching: A dual-task investigation},
  author={Emerson, Michael J and Miyake, Akira},
  journal={Journal of Memory and Language},
  volume={48},
  number={1},
  pages={148--168},
  year={2003},
  publisher={Elsevier}
}
@article{cragg2010language,
  title={Language and the development of cognitive control},
  author={Cragg, Lucy and Nation, Kate},
  journal={Topics in cognitive science},
  volume={2},
  number={4},
  pages={631--642},
  year={2010},
  publisher={Wiley Online Library}
}
@article{alderson2015inner,
  title={Inner speech: development, cognitive functions, phenomenology, and neurobiology.},
  author={Alderson-Day, Ben and Fernyhough, Charles},
  journal={Psychological bulletin},
  volume={141},
  number={5},
  pages={931},
  year={2015},
  publisher={American Psychological Association}
}
@article{morin2018self,
  title={Self-reported inner speech use in university students},
  author={Morin, Alain and Duhnych, Christina and Racy, Famira},
  journal={Applied Cognitive Psychology},
  volume={32},
  number={3},
  pages={376--382},
  year={2018},
  publisher={Wiley Online Library}
}
@article{galton1880statistics,
  title={Statistics of mental imagery},
  author={Galton, Francis},
  journal={Mind},
  volume={5},
  number={19},
  pages={301--318},
  year={1880},
  publisher={JSTOR}
}
@article{heavey2008phenomena,
  title={The phenomena of inner experience},
  author={Heavey, Christopher L and Hurlburt, Russell T},
  journal={Consciousness and cognition},
  volume={17},
  number={3},
  pages={798--810},
  year={2008},
  publisher={Elsevier}
}
@article{hurlburt2006descriptive,
  title={The descriptive experience sampling method},
  author={Hurlburt, Russell T and Akhter, Sarah A},
  journal={Phenomenology and the Cognitive Sciences},
  volume={5},
  number={3},
  pages={271--301},
  year={2006},
  publisher={Springer}
}
@article{hurlburt2008unsymbolized,
  title={Unsymbolized thinking},
  author={Hurlburt, Russell T and Akhter, Sarah A},
  journal={Consciousness and Cognition},
  volume={17},
  number={4},
  pages={1364--1374},
  year={2008},
  publisher={Elsevier}
}
@article{carruthers2009mindreading,
  title={Mindreading underlies metacognition},
  author={Carruthers, Peter},
  journal={Behavioral and brain sciences},
  volume={32},
  number={2},
  pages={164--182},
  year={2009},
  publisher={Cambridge University Press}
}
@article{dawes2020cognitive,
  title={A cognitive profile of multi-sensory imagery, memory and dreaming in aphantasia},
  author={Dawes, Alexei J and Keogh, Rebecca and Andrillon, Thomas and Pearson, Joel},
  journal={Scientific Reports},
  volume={10},
  number={1},
  pages={1--10},
  year={2020},
  publisher={Nature Publishing Group}
}
@article{keogh2018blind,
  title={The blind mind: No sensory visual imagery in aphantasia},
  author={Keogh, Rebecca and Pearson, Joel},
  journal={Cortex},
  volume={105},
  pages={53--60},
  year={2018},
  publisher={Elsevier}
}
@article{jacobs2018visual,
  title={Visual working memory performance in aphantasia},
  author={Jacobs, Christianne and Schwarzkopf, Dietrich S and Silvanto, Juha},
  journal={Cortex},
  volume={105},
  pages={61--73},
  year={2018},
  publisher={Elsevier}
}
@article{keogh2021visual,
  title={Visual working memory in aphantasia: Retained accuracy and capacity with a different strategy},
  author={Keogh, Rebecca and Wicken, Marcus and Pearson, Joel},
  journal={Cortex},
  volume={143},
  pages={237--253},
  year={2021},
  publisher={Elsevier}
}
@article{faw2009conflicting,
  title={Conflicting intuitions may be based on differing abilities: Evidence from mental imaging research},
  author={Faw, Bill},
  journal={Journal of Consciousness Studies},
  volume={16},
  number={4},
  pages={45--68},
  year={2009},
  publisher={Imprint Academic}
}
@article{dance2022prevalence,
  title={The prevalence of aphantasia (imagery weakness) in the general population},
  author={Dance, CJ and Ipser, A and Simner, J},
  journal={Consciousness and Cognition},
  volume={97},
  pages={103243},
  year={2022},
  publisher={Elsevier}
}
@article{winsler2003private,
  title={Private speech in preschool children: Developmental stability and change, across-task consistency, and relations with classroom behaviour},
  author={Winsler, Adam and De Leon, Jesus Ren{\'e} and Wallace, Beverly A and Carlton, Martha P and Willson-Quayle, Angela},
  journal={Journal of Child Language},
  volume={30},
  number={3},
  pages={583--608},
  year={2003},
  publisher={Cambridge University Press}
}
@article{nedergaard2021valence,
  title={Valence, form, and content of self-talk predict sport type and level of performance},
  author={Nedergaard, Johanne S. K. and Christensen, Mark Schram and Wallentin, Mikkel},
  journal={Consciousness and Cognition},
  volume={89},
  pages={103102},
  year={2021},
  publisher={Elsevier}
}
@article{geva2011discrepancy,
  title={Discrepancy between inner and overt speech: Implications for post-stroke aphasia and normal language processing},
  author={Geva, Sharon and Bennett, Sophie and Warburton, Elizabeth A and Patterson, Karalyn},
  journal={Aphasiology},
  volume={25},
  number={3},
  pages={323--343},
  year={2011},
  publisher={Taylor \& Francis}
}
@article{langland2015inner,
  title={Inner speech deficits in people with aphasia},
  author={Langland-Hassan, Peter and Faries, Frank R and Richardson, Michael J and Dietz, Aimee},
  journal={Frontiers in Psychology},
  volume={6},
  pages={528},
  year={2015},
  publisher={Frontiers Media SA}
}
@article{hoeft2007functional,
  title={Functional and morphometric brain dissociation between dyslexia and reading ability},
  author={Hoeft, Fumiko and Meyler, Ann and Hernandez, Arvel and Juel, Connie and Taylor-Hill, Heather and Martindale, Jennifer L and McMillon, Glenn and Kolchugina, Galena and Black, Jessica M and Faizi, Afrooz and others},
  journal={Proceedings of the National Academy of Sciences},
  volume={104},
  number={10},
  pages={4234--4239},
  year={2007},
  publisher={National Acad Sciences}
}
@article{poldrack2001relations,
  title={Relations between the neural bases of dynamic auditory processing and phonological processing: evidence from fMRI},
  author={Poldrack, Russell A and Temple, Elise and Protopapas, Athanassios and Nagarajan, Srikantan and Tallal, Paula and Merzenich, Michael and Gabrieli, John DE},
  journal={Journal of cognitive neuroscience},
  volume={13},
  number={5},
  pages={687--697},
  year={2001},
  publisher={MIT Press}
}
@article{lurito2000,
author = {Lurito, Joseph T. and Kareken, David A. and Lowe, Mark J. and Chen, Shen Hsing A. and Mathews, Vincent P.},
title = {Comparison of rhyming and word generation with FMRI},
journal = {Human Brain Mapping},
volume = {10},
number = {3},
pages = {99-106},
year = {2000}
}
@article{paulesu1993neural,
  title={The neural correlates of the verbal component of working memory},
  author={Paulesu, Eraldo and Frith, Chris D and Frackowiak, Richard SJ},
  journal={Nature},
  volume={362},
  number={6418},
  pages={342--345},
  year={1993},
  publisher={Nature Publishing Group}
}
@article{pugh1996cerebral,
  title={Cerebral organization of component processes in reading},
  author={Pugh, Kenneth R and Shaywitz, Bennett A and Shaywitz, Sally E and Constable, R Todd and Skudlarski, Pawel and Fulbright, Robert K and Bronen, Richard A and Shankweiler, Donald P and Katz, Leonard and Fletcher, Jack M and others},
  journal={Brain},
  volume={119},
  number={4},
  pages={1221--1238},
  year={1996},
  publisher={Oxford University Press}
}
@article{owen2004fmri,
  title={FMRI of two measures of phonological processing in visual word recognition: ecological validity matters},
  author={Owen, William J and Borowsky, Ron and Sarty, Gordon E},
  journal={Brain and language},
  volume={90},
  number={1-3},
  pages={40--46},
  year={2004},
  publisher={Elsevier}
}
@article{jacobs2018visual,
  title={Visual working memory performance in aphantasia},
  author={Jacobs, Christianne and Schwarzkopf, Dietrich S and Silvanto, Juha},
  journal={Cortex},
  volume={105},
  pages={61--73},
  year={2018},
  publisher={Elsevier}
}
@article{miyake2004inner,
  title={Inner speech as a retrieval aid for task goals: The effects of cue type and articulatory suppression in the random task cuing paradigm},
  author={Miyake, Akira and Emerson, Michael J and Padilla, Francisca and Ahn, Jeung-chan},
  journal={Acta psychologica},
  volume={115},
  number={2-3},
  pages={123--142},
  year={2004},
  publisher={Elsevier}
}
@article{baddeley2001working,
  title={Working memory and the control of action: evidence from task switching.},
  author={Baddeley, Alan and Chincotta, Dino and Adlam, Anna},
  journal={Journal of experimental psychology: General},
  volume={130},
  number={4},
  pages={641},
  year={2001},
  publisher={American Psychological Association}
}
@article{nedergaard2022verbal,
  title={Verbal interference paradigms: A systematic review investigating the role of language in cognition},
  author={Nedergaard, Johanne S. K. and Wallentin, Mikkel and Lupyan, Gary},
  journal={Psychonomic Bulletin \& Review},
  pages={1--25},
  year={2022},
  publisher={Springer}
}
@article{gilbert2006whorf,
  title={Whorf hypothesis is supported in the right visual field but not the left},
  author={Gilbert, Aubrey L and Regier, Terry and Kay, Paul and Ivry, Richard B},
  journal={Proceedings of the national academy of sciences},
  volume={103},
  number={2},
  pages={489--494},
  year={2006},
  publisher={National Acad Sciences}
}
@article{gilbert2008support,
  title={Support for lateralization of the Whorf effect beyond the realm of color discrimination},
  author={Gilbert, Aubrey L and Regier, Terry and Kay, Paul and Ivry, Richard B},
  journal={Brain and language},
  volume={105},
  number={2},
  pages={91--98},
  year={2008},
  publisher={Elsevier}
}
@article{winawer2007russian,
  title={Russian blues reveal effects of language on color discrimination},
  author={Winawer, Jonathan and Witthoft, Nathan and Frank, Michael C and Wu, Lisa and Wade, Alex R and Boroditsky, Lera},
  journal={Proceedings of the national academy of sciences},
  volume={104},
  number={19},
  pages={7780--7785},
  year={2007},
  publisher={National Acad Sciences}
}
@article{baddeley1966short,
  title={Short-term memory for word sequences as a function of acoustic, semantic and formal similarity},
  author={Baddeley, Alan},
  journal={Quarterly journal of experimental psychology},
  volume={18},
  number={4},
  pages={362--365},
  year={1966},
  publisher={SAGE Publications Sage UK: London, England}
}
@article{dunabeitia2018multipic,
  title={MultiPic: A standardized set of 750 drawings with norms for six European languages},
  author={Du{\~n}abeitia, Jon Andoni and Crepaldi, Davide and Meyer, Antje S and New, Boris and Pliatsikas, Christos and Smolka, Eva and Brysbaert, Marc},
  journal={Quarterly Journal of Experimental Psychology},
  volume={71},
  number={4},
  pages={808--816},
  year={2018},
  publisher={Sage Publications Sage UK: London, England}
}
@article{snodgrass1980standardized,
  title={A standardized set of 260 pictures: norms for name agreement, image agreement, familiarity, and visual complexity.},
  author={Snodgrass, Joan G and Vanderwart, Mary},
  journal={Journal of experimental psychology: Human learning and memory},
  volume={6},
  number={2},
  pages={174},
  year={1980},
  publisher={American Psychological Association}
}
@article{alderson2018varieties,
  title={The varieties of inner speech questionnaire--revised (VISQ-R): replicating and refining links between inner speech and psychopathology},
  author={Alderson-Day, Ben and Mitrenga, Kaja and Wilkinson, Sam and McCarthy-Jones, Simon and Fernyhough, Charles},
  journal={Consciousness and cognition},
  volume={65},
  pages={48--58},
  year={2018},
  publisher={Elsevier}
}
@article{roebuck2020internal,
  title={The internal representations questionnaire: Measuring modes of thinking},
  author={Roebuck, Hettie and Lupyan, Gary},
  journal={Behavior Research Methods},
  volume={52},
  number={5},
  pages={2053--2070},
  year={2020},
  publisher={Springer}
}
@article{hurlburt2016exploring,
  title={Exploring the ecological validity of thinking on demand: neural correlates of elicited vs. spontaneously occurring inner speech},
  author={Hurlburt, Russell T and Alderson-Day, Ben and K{\"u}hn, Simone and Fernyhough, Charles},
  journal={PLoS one},
  volume={11},
  number={2},
  pages={e0147932},
  year={2016},
  publisher={Public Library of Science San Francisco, CA USA}
}
@article{zeman2010,
  title={Loss of imagery phenomenology with intact visuo-spatial task
performance: a case of 'blind imagination'},
  author={Zeman, A. Z. and Della Sala, S. and Torrens, L. A. and Gountouna, V. E. and McGonigle, D. J. and Logie, R. H. },
  journal={Neuropsychologia},
  volume={48},
  pages={145--155},
  year={2010}
}
@article{Hinwar2021,
  doi = {10.3389/fpsyg.2021.744213},
  url = {https://doi.org/10.3389/fpsyg.2021.744213},
  year = {2021},
  month = oct,
  publisher = {Frontiers Media {SA}},
  volume = {12},
  author = {Rish P. Hinwar and Anthony J. Lambert},
  title = {Anauralia: The Silent Mind and Its Association With Aphantasia},
  journal = {Frontiers in Psychology}
}
@article{Monzel2022,
  doi = {10.1016/j.cortex.2022.02.002},
  url = {https://doi.org/10.1016/j.cortex.2022.02.002},
  year = {2022},
  month = may,
  publisher = {Elsevier {BV}},
  volume = {150},
  pages = {149--152},
  author = {Merlin Monzel and David Mitchell and Fiona Macpherson and Joel Pearson and Adam Zeman},
  title = {Aphantasia,  dysikonesia,  anauralia: call for a single term for the lack of mental imagery{\textendash}Commentary on Dance et~al. (2021) and Hinwar and Lambert (2021)},
  journal = {Cortex}
}
@inbook{geva_isnv,
  editor = {Langland-Hassan, Peter and Vicente, Agustin},
  author    = {Geva, Sharon},
  title     = {Inner speech: New voices},
  chapter   = {Inner speech and Mental Imagery: A Neuroscientific Perspective},
  publisher = {Oxford University Press},
  year      = {2018}
}
@inbook{langlandhassan_isnv,
  editor = {Langland-Hassan, Peter and Vicente, Agustin},
  author    = {Langland-Hassan, Peter},
  title     = {Inner speech: New voices},
  chapter   = {From Introspection to Essence: The Auditory Nature of Inner Speech},
  publisher = {Oxford University Press},
  year      = {2018}
}
@article{mcguire1997neural,
  title={Neural correlates of thinking in sign language},
  author={McGuire, PK and Robertson, D and Thacker, A and David, A S and Kitson, N and Frackowiak, R SJ and Frith, C D},
  journal={Neuroreport},
  volume={8},
  number={3},
  pages={695--698},
  year={1997},
  publisher={LWW}
}
@inbook{loevenbruck_isnv,
  editor = {Langland-Hassan, Peter and Vicente, Agustin},
  author    = {Loevenbruck, H{\'e}l{\`e}ne and Grandchamp, R. and Rapin, L. and Nalborczyk, L. and Dohen, M. and Perrier, P. and Baciu, M. and Perrone-Bertolotti, M.},
  title     = {Inner speech: New voices},
  chapter   = {From Introspection to Essence: The Auditory Nature of Inner Speech},
  publisher = {Oxford University Press},
  year      = {2018}
}
@article{bergounioux2001,
  title={Endophasie et linguistique [Décomptes, quotes et squelette]},
  author={Bergounioux, G.},
  journal={Langue francaise},
  volume={132},
  pages={106--24},
  year={2001}
}
@article{Hurlburt2013,
  doi = {10.1016/j.concog.2013.10.003},
  url = {https://doi.org/10.1016/j.concog.2013.10.003},
  year = {2013},
  month = dec,
  publisher = {Elsevier {BV}},
  volume = {22},
  number = {4},
  pages = {1477--1494},
  author = {Russell T. Hurlburt and Christopher L. Heavey and Jason M. Kelsey},
  title = {Toward a phenomenology of inner speaking},
  journal = {Consciousness and Cognition}
}
@book{Hurlburt2011,
  doi = {10.1017/cbo9780511842627},
  url = {https://doi.org/10.1017/cbo9780511842627},
  year = {2011},
  month = jun,
  publisher = {Cambridge University Press},
  author = {Russell T. Hurlburt},
  title = {Investigating Pristine Inner Experience}
}
@article{BaronCohen1999,
  doi = {10.1023/a:1023035012436},
  url = {https://doi.org/10.1023/a:1023035012436},
  year = {1999},
  publisher = {Springer Science and Business Media {LLC}},
  volume = {29},
  number = {5},
  pages = {407--418},
  author = {Simon Baron-Cohen and Michelle O{\textquotesingle}Riordan and Valerie Stone and Rosie Jones and Kate Plaisted},
  journal = {Journal of Autism and Developmental Disorders}
}
@article{Thibaut2015,
  doi = {10.1007/s10803-015-2551-1},
  url = {https://doi.org/10.1007/s10803-015-2551-1},
  year = {2015},
  month = aug,
  publisher = {Springer Science and Business Media {LLC}},
  volume = {46},
  number = {1},
  pages = {103--112},
  author = {Flora I. Thi{\'{e}}baut and Sarah J. White and Annabel Walsh and Solja K. Klargaard and Hsuan-Chen Wu and Geraint Rees and Paul W. Burgess},
  title = {Does Faux Pas Detection in Adult Autism Reflect Differences in Social Cognition or Decision-Making Abilities?},
  journal = {Journal of Autism and Developmental Disorders}
}
@Manual{R-svglite,
  title = {svglite: An 'SVG' Graphics Device},
  author = {Hadley Wickham and Lionel Henry and Thomas Lin Pedersen and T Jake Luciani and Matthieu Decorde and Vaudor Lise},
  year = {2021},
  note = {R package version 2.0.0},
  url = {https://CRAN.R-project.org/package=svglite},
}
